<?xml version="1.0" encoding="UTF-8"?><collection xmlns="http://www.loc.gov/MARC21/slim"><record><leader>00422nam--2200133-i-4500</leader><controlfield tag="001">000014370</controlfield><controlfield tag="002">20161230</controlfield><controlfield tag="005">20161230201030</controlfield><controlfield tag="008">060222s1000------------r-----000-0-eng-d</controlfield><datafield ind1=" " ind2=" " tag="080"><subfield code="a">535.853:543.422:547</subfield></datafield><datafield ind1=" " ind2=" " tag="100"><subfield code="a">Balaban, Alexandru T., Banciu, Mircea, Pogany, Iuliu I</subfield></datafield><datafield ind1=" " ind2=" " tag="245"><subfield code="a">Aplicatii ale metodelor fizice in chimia organ ica</subfield></datafield><datafield ind1=" " ind2=" " tag="260"><subfield code="a">Bucuresti, Editura Stiintifica Si Enciclopedic A, 1983. 287p</subfield></datafield><datafield ind1=" " ind2=" " tag="852"><subfield code="a">70696</subfield></datafield></record></collection>